%%
%% WinShell 3.3.2.6
%% http://www.winshell.org/
%%

% Strings


% Preamble


% BibTeX Entries
@inproceedings{AB1,
 author               = {Adami, C. and Brown, C. T.},
 booktitle            = {Artificial Life IV},
 editor               = {Brooks, R. A. and Maes, P.},
 pages                = {377-381},
 publisher            = {MIT Press, Cambridge, MA},
 title                = {Evolutionary learning in the 2D Artificial Life system `Avida'},
 year                 = {1994},
 }

@inproceedings{ABH,
 author               = {Adami, C. and Brown, C.T. and Haggerty, M.R.},
 booktitle            = {Proceedings of the Third European Conference on Advances in Artificial Life},
 editor               = {F. Mor{\'{a}}n and A. Moreno and J. J. Merelo andP. Chac\'{o}n},
 pages                = {503-514},
 publisher            = {Springer-Verlag, Heidelberg},
 title                = {Abundance distributions in Artificial Life and stochastic models: `Age and Area' revisited},
 year                 = {1995},
 }

@article{Aguilar:2014,
 author               = {Aguilar, Wendy and Santamar{\'\i}a Bonfil, Guillermo and Froese, Tom and Gershenson, Carlos},
 journal              = {Frontiers in Robotics and AI},
 number               = {8},
 title                = {The Past, Present, and Future of Artificial Life},
 volume               = {1},
 year                 = {2014},
 }

@book{BP96,
 author               = {Bak, P. and Paczuski, M.},
 publisher            = {Springer-Verlag, Heidelberg},
 title                = {Physics of Biological Systems},
 year                 = {1996},
 }

@article{BS,
 author               = {Bak, P. and Sneppen, K.},
 journal              = {Physical Review Letters},
 pages                = {4083-4086},
 title                = {Punctuated equilibrium and criticality in a simple model of evolution},
 volume               = {71},
 year                 = {1993},
 }

@article{BTW87,
 author               = {Bak, P. and Tang, C. and Wiesenfeld, K.},
 journal              = {Physical Review Letters},
 pages                = {381-384},
 title                = {Self-organized criticality: An explanation of 1/$f$ noise},
 volume               = {59},
 year                 = {1987},
 }

@article{BTW88,
 author               = {Bak, P. and Tang, C. and Wiesenfeld, K.},
 journal              = {Physical Review A},
 pages                = {364-374},
 title                = {Self-organized criticality},
 volume               = {38},
 year                 = {1988},
 }

@article{BUR90,
 author               = {Burlando, B.},
 journal              = {Journal of Theoretical Biology},
 pages                = {99-114},
 title                = {The fractal dimension of taxonomic systems},
 volume               = {146},
 year                 = {1990},
 }

@article{BUR93,
 author               = {Burlando, B.},
 journal              = {Journal of Theoretical Biology},
 pages                = {161-163},
 title                = {The fractal geometry of evolution},
 volume               = {163},
 year                 = {1993},
 }

@article{CA2,
 author               = {Adami, C.},
 journal              = {Physics Letters A},
 pages                = {29-32},
 title                = {Self-organized criticality in living systems},
 volume               = {203},
 year                 = {1995},
 }

@inproceedings{CHU,
 author               = {Chu, J. and Adami, C.},
 booktitle            = {Artificial Life V},
 editor               = {Langton, C.G. and Shimohara, K.},
 pages                = {462-469},
 publisher            = {MIT Press, Cambridge, MA},
 title                = {Propagation of information in populations of self-replicating code},
 year                 = {1993},
 }

@inproceedings{Chu:1993,
 author               = {Chu, J. and Adami, C.   },
 booktitle            = {Artificial Life V},
 editor               = {Langton, C. and Shimohara, K.},
 journal              = {Unknown Journal},
 pages                = {462-469},
 publisher            = {MIT Press, Cambridge, MA.},
 title                = {Propagation of information in populations of self-replicating code},
 year                 = {1993},
 }

@phdthesis{Clancey:1979,
 author               = {Clancey, W. J.},
 journal              = {Unknown Journal},
 school               = {Department of Computer Science, Stanford University},
 title                = {Transfer of Rule-Based Expertise Through a Tutorial Dialogue},
 year                 = {1979},
 }

@article{Clancey:inpress,
 author               = {Clancey, W. J.   },
 journal              = {To appear in the Journal of Theoretical Biology},
 title                = {The engineering of qualitative models},
 year                 = {in press},
 }

@article{ECL96,
 author               = {Elena, S.F. and Cooper, V.S. and Lenski, R.E.},
 journal              = {Science},
 pages                = {1802-1804},
 title                = {Punctuated evolution caused by selection of rare beneficial mutations},
 volume               = {272},
 year                 = {1996},
 }

@book{Engelmore:1986,
 editor               = {Engelmore, R. and Morgan,  A.  },
 journal              = {Unknown Journal},
 publisher            = {Addison-Wesley, Reading, MA},
 title                = {Blackboard Systems},
 year                 = {1986},
 }

@article{GE77,
 author               = {Gould, S.J. and Eldredge, N.},
 journal              = {Palaeobiology},
 pages                = {115-151},
 title                = {Punctuated equilibria: The tempo and mode of evolution reconsidered},
 volume               = {3},
 year                 = {1977},
 }

@article{GE93,
 author               = {Gould, S.J. and Eldregde, N.},
 journal              = {Nature},
 pages                = {223-227},
 title                = {Punctuated equilibrium comes of age},
 volume               = {366},
 year                 = {1993},
 }

@article{GS,
 author               = {Gil, L. and Sornette, D.},
 journal              = {Physical Review Letters},
 pages                = {3991-3994},
 title                = {Landau-Ginzburg theory of self-organized criticality},
 volume               = {76},
 year                 = {1996},
 }

@article{Hasling:1983,
 author               = {Hasling, D. W. and Clancey, W. J. and Rennels, G. R.   },
 journal              = {The International Journal of Man-Machine Studies},
 number               = {1},
 pages                = {3-19},
 title                = {Strategic explanations in consultation},
 volume               = {20},
 year                 = {1983},
 }

@book{IAL,
 author               = {Adami, C.},
 publisher            = {TELOS Springer-Verlag, Santa Clara},
 title                = {Introduction to Artificial Life},
 year                 = {1998},
 }

@article{LT94,
 author               = {Lenski, R. and Travisano, M.},
 journal              = {Proceedings of the National Academy of Science USA},
 pages                = {6808-6814},
 title                = {Dynamics of adaptation and diversification--A 10,000 generation experiment with bacterial populations},
 volume               = {91},
 year                 = {1994},
 }

@article{NEW1,
 author               = {Newman, M.E.J.},
 journal              = {Proceedings of the Royal Society of London, Series B},
 pages                = {1605-1610},
 title                = {Self-organized criticality, evolution, and the fossil extinction record},
 volume               = {263},
 year                 = {1996},
 }

@article{NEW2,
 author               = {Newman, M.E.J.},
 journal              = {Eprint adap-org/9702002},
 pages                = {202},
 title                = {A model of mass extinction},
 volume               = {228},
 year                 = {1997},
 }

@article{NFST,
 author               = {Newman, M.E.J. and Fraser, S.M. and Sneppen, K. and Tozier, W.A.},
 journal              = {Physics Letters A},
 pages                = {202-204},
 title                = {Self-organized criticality in living systems---Comment},
 volume               = {228},
 year                 = {1997},
 }

@misc{OBA,
 author               = {Ofria, C. and Brown, C.T.},
 howpublished         = {In Adami (1998), The Avida software is publicly available at ftp.krl.caltech.edu/pub/avida},
 title                = {The Avida User's Manual},
 year                 = {1998},
 }

@article{RAU,
 author               = {Raup, D.M.},
 journal              = {Paleobiology},
 pages                = {37-48},
 title                = {A kill curve for phanerozoic marine species},
 volume               = {17},
 year                 = {1991},
 }

@techreport{Rice:1986,
 author               = {Rice, J.  },
 institution          = {Dept. of Computer Science, Stanford Univ.},
 journal              = {Unknown Journal},
 number               = {KSL-86-19},
 title                = {Poligon: A System for Parallel Problem Solving},
 year                 = {1986},
 }

@article{Robinson:1980,
 author               = {Robinson, A. L.   },
 journal              = {Science},
 pages                = {1019-1026},
 title                = {New ways to make microcircuits smaller},
 volume               = {208},
 year                 = {1980},
 }

@article{Sb96,
 author               = {Sol\'e, R.V. and Bascompte, J.},
 journal              = {Proceedings of the Royal Society of Londonm Series B},
 pages                = {161-168},
 title                = {Are critical phenomena relevant to large-scale evolution},
 volume               = {263},
 year                 = {1996},
 }

@article{SJD,
 author               = {Sornette, D. and Johansen, A. and Dornic, I.},
 journal              = {Journal de Physique I.},
 pages                = {325-335},
 title                = {Mapping self-organized criticality to criticality},
 volume               = {5},
 year                 = {1995},
 }

@book{WIL,
 author               = {Willis, J.C.},
 publisher            = {Cambridge University Press, Cambridge},
 title                = {Age and Area},
 year                 = {1922},
 }
